@STRING{CVPR = {CVPR}}
@STRING{CVPR = {IEEE Conference on Computer Vision and Pattern Recognition}}

@STRING{ICRA = {ICRA}}
@STRING{ICRA = {International Conference on Robotics and Automation}}

@STRING{ECCV = {ECCV}}
@STRING{ECCV = {European Conference on Computer Vision}}

@STRING{ICCV = {ICCV}}
@STRING{ICCV = {IEEE International Conference on Computer Vision}}

@STRING{ICDSC = {ICDSC}} 
@STRING{ICDSC = {International Conference on Distributed Smart Cameras}} 

@STRING{BMVC = {BMVC}}
@STRING{BMVC = {British Machine Vision Conference}}

@STRING{ICPR = {ICPR}}
@STRING{ICPR= {International Conference on Pattern Recognition}}

@STRING{SIGGRAPH = {SIGGRAPH}} 
@STRING{SIGGRAPH = {ACM Transactions on Graphics (SIGGRAPH)}}

@STRING{NIPS = {NIPS}}
@STRING{NIPS = {Advances in Neural Information Processing Systems}}

@STRING{ICML = {ICML}}
@STRING{ICML = {International Conference on Machine Learning}}

@STRING{ICLR = {ICLR}}
@STRING{ICLR = {International Conference on Learning Representations}}

@STRING{IROS = {IROS}}
@STRING{IROS = {IEEE/RSJ International Conference on Intelligent Robots and Systems}}

@STRING{WACV_C = {WACV}}
@STRING{WACV_C = {IEEE Winter Conference on Applications of Computer Vision}}

@STRING{WACV_W = {WACV}}
@STRING{WACV_W = {IEEE Workshop on Applications of Computer Vision}}

@STRING{T-PAMI = {PAMI}}
@STRING{T-PAMI = {IEEE Transactions on Pattern Analysis and Machine Intelligence}}

@STRING{IJCV = {IJCV}}
@STRING{IJCV = {International Journal of Computer Vision}}

@STRING{CVIU = {CVIU}} 
@STRING{CVIU = {Computer Vision and Image Understanding}} 

@STRING{WWW = {WWW}}
@STRING{WWW = {International World Wide Web Conference}} 

@STRING{TOG = {TOG}}
@STRING{TOG = {ACM Transactions on Graphics}}

@STRING{ACMMM = {ACMMM}}
@STRING{ACMMM = {ACM International Conference on Multimedia}}

@STRING{THREEDV = {3DV}}
@STRING{THREEDV = {International Conference on 3D Vision}}

@inproceedings{lin2013cross,
  title={Cross-View Image Geolocalization},
  author={Lin, Tsung-Yi and Belongie, Serge and Hays, James},
  booktitle=CVPR,
  year={2013}
}

@inproceedings{hadsell2006dimensionality,
  title={Dimensionality reduction by learning an invariant mapping},
  author={Hadsell, Raia and Chopra, Sumit and LeCun, Yann},
  booktitle=CVPR,
  year={2006}
}

@inproceedings{pinheiro2014recurrent,
  title={Recurrent convolutional neural networks for scene
    labeling},
  author={Pinheiro, Pedro and Collobert, Ronan},
  booktitle=ICML,
  year={2014}
}

@article{jia2014caffe,
  title={Caffe: Convolutional Architecture for Fast Feature
    Embedding},
  author={Jia, Yangqing and Shelhamer, Evan and Donahue, Jeff and
    Karayev, Sergey and Long, Jonathan and Girshick, Ross and
      Guadarrama, Sergio and Darrell, Trevor},
  journal={arXiv preprint arXiv:1408.5093},
  year={2014}
}

@inproceedings{workman2014rainbow,
  title={A Pot of Gold: Rainbows as a Calibration Cue},
  author={Scott Workman and R. Paul Mihail and Nathan Jacobs},
  year=2014,
  booktitle=ECCV,
}

@inproceedings{zhou2014places,
  title={Learning Deep Features for Scene Recognition using Places
    Database.},
  author={Zhou, B. and Lapedriza, A. and Xiao, J. and Torralba, A.
    and Oliva, A.},
  booktitle=NIPS,
  year={2014}
}

@inproceedings{krizhevsky2012imagenet,
  title={Imagenet classification with deep convolutional neural
    networks},
  author={Krizhevsky, Alex and Sutskever, Ilya and Hinton,
    Geoffrey E},
  booktitle=NIPS,
  year={2012}
}

@inproceedings{taigman2014deepface,
  title={Deepface: Closing the gap to human-level performance in
    face verification},
  author={Taigman, Yaniv and Yang, Ming and Ranzato, Marc'Aurelio
    and Wolf, Lior},
  booktitle=CVPR,
  year={2014}
}

@inproceedings{girshick2014rich,
  title={Rich feature hierarchies for accurate object detection and
    semantic segmentation},
  author={Girshick, Ross and Donahue, Jeff and Darrell, Trevor and
    Malik, Jitendra},
  booktitle=CVPR,
  year={2014}
}

@inproceedings{dong2014learning,
  title={Learning a deep convolutional network for image
    super-resolution},
  author={Dong, Chao and Loy, Chen Change and He, Kaiming and
    Tang, Xiaoou},
  booktitle=ECCV,
  year={2014}
}

@inproceedings{jaderberg2014deep,
  title={Deep features for text spotting},
  author={Jaderberg, Max and Vedaldi, Andrea and Zisserman,
    Andrew},
  booktitle=ECCV,
  year={2014}
}

@inproceedings{islam2014exploring,
  title={Exploring the geo-dependence of human face appearance},
  author={Islam, Mohammad T and Workman, Scott and Wu, Hui and
    Jacobs, Nathan and Souvenir, Richard},
  booktitle=WACV_C,
  year={2014}
}

@inproceedings{patterson2012sun,
  title={Sun attribute database: Discovering, annotating, and
    recognizing scene attributes},
  author={Patterson, Genevieve and Hays, James},
  booktitle=CVPR,
  year={2012}
}

@inproceedings{quercia2014aesthetic,
  title={Aesthetic capital: what makes london look beautiful, quiet,
    and happy?},
  author={Quercia, Daniele and O'Hare, Neil Keith and Cramer,
    Henriette},
  booktitle={ACM Conference on Computer Supported Cooperative Work and
    Social Computing},
  year={2014}
}

@article{doersch2012what,
  title={What Makes Paris Look like Paris?},
  author={Carl Doersch and Saurabh Singh and Abhinav Gupta and
    Josef Sivic and Alexei A. Efros},
  journal=SIGGRAPH,
  volume={31},
  number={4},
  year={2012}
}

@article{fang2014discovering,
  title={Discovering Geo-Informative Attributes for Location
    Recognition and Exploration},
  author={Fang, Quan and Sang, Jitao and Xu, Changsheng},
  journal={ACM Transactions on Multimedia Computing,
    Communications, and Applications},
  volume={11},
  number={1s},
  pages={19},
  year={2014},
}

@article{laffont14,
  title={Transient Attributes for High-Level Understanding and
    Editing of Outdoor Scenes},
  author={Pierre-Yves Laffont and Zhile Ren and Xiaofeng Tao
    and Chao Qian and James Hays},
  journal=SIGGRAPH,
  volume={33},
  number={4},
  year={2014}
}

@inproceedings{jacobs11geolocate,
  title={Webcam Geo-localization using Aggregate Light Levels},
  author={Nathan Jacobs and Kylia Miskell and Robert Pless},
  booktitle=WACV_W,
  year=2011
}

@inproceedings{jacobs08geoorient,
  title={Toward Fully Automatic Geo-Location and Geo-Orientation of
    Static Outdoor Cameras},
  author={Nathan Jacobs and Nathaniel Roman and Robert Pless},
  booktitle=WACV_W,
  year=2008
}

@article{snavely2006photo,
  title={Photo tourism: exploring photo collections in 3D},
  author={Snavely, Noah and Seitz, Steven M and Szeliski,
    Richard},
  journal=TOG,
  volume={25},
  number={3},
  pages={835--846},
  year={2006}
}

@inproceedings{hays2008im2gps,
  title={IM2GPS: estimating geographic information from a single
    image},
  author={Hays, James and Efros, Alexei A},
  booktitle=CVPR,
  year={2008}
}

@inproceedings{baatz2012large,
  title={Large scale visual geo-localization of images in
    mountainous terrain},
  author={Baatz, Georges and Saurer, Olivier and K{\"o}ser, Kevin
    and Pollefeys, Marc},
  booktitle=ECCV,
  year={2012}
}

@inproceedings{zhou2014recognizing,
  title={Recognizing City Identity via Attribute Analysis of
    Geo-tagged Images},
  author={Zhou, Bolei and Liu, Liu and Oliva, Aude and Torralba,
    Antonio},
  booktitle=ECCV,
  year={2014}
}

@inproceedings{torralba2003context,
  title={Context-based vision system for place and object
    recognition},
  author={Torralba, Antonio and Murphy, Kevin P and Freeman, William T
    and Rubin, Mark A},
  booktitle=CVPR,
  year={2003},
}

@inproceedings{schindler2007city,
  title={City-scale location recognition},
  author={Schindler, Grant and Brown, Matthew and Szeliski,
    Richard},
  booktitle=CVPR,
  year={2007}
}

@inproceedings{chen2011city,
  title={City-scale landmark identification on mobile devices},
  author={Chen, David M and Baatz, Georges and Koser, K and Tsai,
    Sam S and Vedantham, Ramakrishna and Pylvanainen, Timo and
      Roimela, Kimmo and Chen, Xin and Bach, Jeff and Pollefeys,
    Marc and others},
  booktitle=CVPR,
  year={2011}
}

@inproceedings{crandall2009mapping,
  title={Mapping the world's photos},
  author={Crandall, David J and Backstrom, Lars and Huttenlocher,
    Daniel and Kleinberg, Jon},
  booktitle=WWW,
  year={2009}
}

@incollection{li2012worldwide,
  title={Worldwide pose estimation using 3d point clouds},
  author={Li, Yunpeng and Snavely, Noah and Huttenlocher, Dan and
    Fua, Pascal},
  booktitle=ECCV,
  year={2012}
}

@inproceedings{karpathy2014large,
  title={Large-scale video classification with convolutional neural
    networks},
  author={Karpathy, Andrej and Toderici, George and Shetty,
    Sanketh and Leung, Thomas and Sukthankar, Rahul and Fei-Fei,
    Li},
  booktitle=CVPR,
  year={2014}
}

@inproceedings{yosinski2014transferable,
  title={How transferable are features in deep neural networks?},
  author={Yosinski, Jason and Clune, Jeff and Bengio, Yoshua and
    Lipson, Hod},
  booktitle=NIPS,
  year={2014}
}

@inproceedings{razavian2014cnn,
  title={CNN Features off-the-shelf: an Astounding Baseline for
    Recognition},
  author={Razavian, Ali Sharif and Azizpour, Hossein and Sullivan,
    Josephine and Carlsson, Stefan},
  booktitle={IEEE CVPR Workshop: DeepVision: Deep learning in Computer Vision},
  year={2014}
}

@inproceedings{workman2015geocnn,
  title={On the Location Dependence of Convolutional Neural Network
    Features},
  author={Scott Workman and Nathan Jacobs},
  booktitle={IEEE/ISPRS Workshop: Looking From Above: When Earth
    Observation Meets Vision},
  year=2015,
}

@inproceedings{shan2014accurate,
  title={Accurate Geo-Registration by Ground-to-Aerial Image Matching},
  author={Shan, Qi and Wu, Changchang and Curless, Brian and Furukawa,
    Yasutaka and Hernandez, Carlos and Seitz, Steven M},
  booktitle=THREEDV,
  year={2014},
}

@inproceedings{li2009landmark,
  title={Landmark classification in large-scale image collections},
  author={Li, Y. and Crandall, D.J. and Huttenlocher, D.P.},
  booktitle=CVPR,
  year={2009}
}

@inproceedings{knopp2010avoiding,
  title={Avoiding confusing features in place recognition},
  author={Knopp, Jan and Sivic, Josef and Pajdla, Tomas},
  booktitle=ECCV,
  year={2010},
}

@inproceedings{torii2013visual,
  title={Visual place recognition with repetitive structures},
  author={Torii, Akihiko and Sivic, Josef and Pajdla, Tomas and
    Okutomi, Masatoshi},
  booktitle=CVPR,
  year={2013},
}

@inproceedings{zamir2010accurate,
  title={Accurate image localization based on google maps street view},
  author={Zamir, Amir Roshan and Shah, Mubarak},
  booktitle=ECCV,
  year={2010},
}

@inproceedings{cozman1995robot,
  title={Robot localization using a computer vision sextant},
  author={Cozman, Fabio and Krotkov, Eric},
  booktitle=ICRA,
  year={1995}
}

@article{lalonde2010sun,
  title={What do the sun and the sky tell us about the camera?},
  author={Lalonde, Jean-Fran{\c{c}}ois and Narasimhan, Srinivasa G
    and Efros, Alexei A},
  journal=IJCV,
  year={2010},
}

@inproceedings{wu2010geo,
  title={Geo-location estimation from two shadow trajectories},
  author={Wu, Lin and Cao, Xiaochun},
  booktitle=CVPR,
  year={2010},
}

@article{junejo2010gps,
  title={{GPS} coordinates estimation and camera calibration from
    solar shadows},
  author={Junejo, Imran N and Foroosh, Hassan},
  journal=CVIU,
  year={2010},
}

@article{sandnes2011determining,
  title={Determining the geographical location of image scenes based
    on object shadow lengths},
  author={Sandnes, Frode Eika},
  journal={Journal of Signal Processing Systems},
  year={2011},
}

@inproceedings{sunkavalli2008color,
  title={What do color changes reveal about an outdoor scene?},
  author={Sunkavalli, K. and Romeiro, F. and Matusik, W. and Zickler,
    T. and Pfister, H.},
  booktitle=CVPR,
  year={2008}
}

@inproceedings{viswanathan2014vision,
  title={Vision based robot localization by ground to satellite
    matching in GPS-denied situations},
  author={Viswanathan, Anirudh and Pires, Bernardo R and Huber,
    Daniel},
  booktitle=IROS,
  year={2014}
}

@inproceedings{lee2014predicting,
  title={Predicting Geo-informative Attributes in Large-scale Image
    Collections using Convolutional Neural Networks},
  author={Lee, Stefan and Zhang, Haipeng and Crandall, David J},
  booktitle=WACV_C,
  year={2014}
}

@article{daume2006domain,
  title={Domain adaptation for statistical classifiers},
  author={Daume III, Hal and Marcu, Daniel},
  journal={Journal of Artificial Intelligence Research},
  pages={101--126},
  year={2006}
}

@inproceedings{szegedy2015going,
  title={Going deeper with convolutions},
  author={Szegedy, Christian and Liu, Wei and Jia, Yangqing and
    Sermanet, Pierre and Reed, Scott and Anguelov, Dragomir and
      Erhan, Dumitru and Vanhoucke, Vincent and Rabinovich,
    Andrew},
  booktitle=CVPR,
  year={2015}
}

@inproceedings{lin2014network,
  title={Network In Network},
  author={Min Lin and Qiang Chen and Shuicheng Yan},
  booktitle=ICLR,
  year={2014},
}

@inproceedings{chatfield2014return,
  title={Return of the devil in the details: Delving deep into
    convolutional nets},
  author={Chatfield, Ken and Simonyan, Karen and Vedaldi, Andrea and
    Zisserman, Andrew},
  booktitle=BMVC,
  year={2014}
}

@article{russakovsky2015imagenet,
  title={ImageNet Large Scale Visual Recognition Challenge},
  author={Olga Russakovsky and Jia Deng and Hao Su and Jonathan
    Krause and Sanjeev Satheesh and Sean Ma and Zhiheng Huang and
      Andrej Karpathy and Aditya Khosla and Michael Bernstein and
      Alexander C. Berg and Li Fei-Fei},
  journal=IJCV,
  year={2015}
}

@inproceedings{karayev2014recognizing,
  title={Recognizing image style},
  author={Karayev, Sergey and Trentacoste, Matthew and Han, Helen and
    Agarwala, Aseem and Darrell, Trevor and Hertzmann, Aaron and
      Winnemoeller, Holger},
  booktitle=BMVC,
  year={2014}
}

@inproceedings{nilsback2008automated,
  title={Automated flower classification over a large number of
    classes},
  author={Nilsback, M-E and Zisserman, Andrew},
  booktitle={Indian Conference on Computer Vision, Graphics and Image Processing},
  year={2008},
}

@inproceedings{lin2015learning,
  title={Learning Deep Representations for Ground-to-Aerial Geolocalization},
  author={Lin, Tsung-Yi and Cui, Yin and Belongie, Serge and Hays, James},
  booktitle=CVPR,
  year={2015}
}

@inproceedings{luo2008event,
  title={Event recognition: viewing the world with a third eye},
  author={Luo, Jiebo and Yu, Jie and Joshi, Dhiraj and Hao, Wei},
  booktitle=ACMMM,
  year={2008},
}

@inproceedings{bansal2011geo,
  title={Geo-localization of street views with aerial image databases},
  author={Bansal, Mayank and Sawhney, Harpreet S and Cheng, Hui and
    Daniilidis, Kostas},
  booktitle=ACMMM,
  year={2011},
}

